@Article{xsubset:DuarteSilva:2001,
  title		= {Efficient Variable Screening for Multivariate Analysis},
  author	= {Antonio Pedro {Duarte Silva}},
  year		= {2001},
  journal	= {Journal of Multivariate Analysis},
  volume	= {76},
  pages		= {35--62},
  doi		= {FIXME}
}

@Article{xsubset:Gatu+Kontoghiorghes:2006,
  title		= {Branch-and-Bound Algorithms for Computing the Best
  		   Subset Regression Models},
  author	= {Cristian Gatu and Erricos J. Kontoghiorghes},
  journal	= {Journal of Computational and Graphical Statistics},
  year		= {2006},
  volume	= {15},
  pages		= {139--156},
  doi		= {FIXME}
}

@Article{xsubset:Hofmann+Gatu+Kontoghiorghes:2007,
  title		= {Efficient Algorithms for Computing the Best Subset
  		   Regression Models for Large-Scale Problems},
  author	= {Marc Hofmann and Cristian Gatu and Erricos J. Kontoghiorghes},
  journal	= {Computational Statistics \& Data Analysis},
  year		= {2007},
  volume	= {52},
  pages		= {16--29},
  doi		= {10.1016/j.csda.2007.03.017},
}

@Manual{xsubset:Hofmann+Gatu+Kontoghiorghes:2009,
  title		= {\pkg{xsubset}: Variable Subset Selection in Linear Regressions},
  author	= {Marc Hofmann and Cristian Gatu and Erricos J. Kontoghiorghes
  		   and Achim Zeileis},
  year		= {2009},
  note		= {\proglang{R}~package version~0.3-0},
  url		= {http://CRAN.R-project.org/package=xsubset},
}

@Manual{xsubset:Lumley+Miller:2009,
  title		= {\pkg{leaps}: Regression Subset Selection},
  author	= {Thomas Lumley and Alan Miller},
  year		= {2009},
  note		= {\proglang{R}~package version~2.9},
  url		= {http://CRAN.R-project.org/package=leaps}
}

@Book{xsubset:Miller:FIXME,
  title		= {Subset Selection in Regression},
  author	= {Alan Miller},
  year		= {FIXME},
  publisher	= {Chapman \& Hall},
  address	= {FIXME}
}

@Manual{xsubset:OrestesCerdeira+DuarteSilva+Cadima:2009,
  title		= {\pkg{subselect}: Selecting Variable Subsets},
  author	= {Jorge {Orestes Cerdeira} and Antonio Pedro {Duarte Silva} and
		   Jorge Cadima and Manuel Minhoto},
  year		= {2009},
  note		= {\proglang{R}~package version~0.9-9993},
  url		= {http://CRAN.R-project.org/package=subselect}
}

@Manual{xsubset:R:2009,
  title		= {\proglang{R}: {A} Language and Environment for Statistical Computing},
  author	= {{\proglang{R} Development Core Team}},
  organization	= {\proglang{R} Foundation for Statistical Computing},
  address	= {Vienna, Austria},
  year		= {2009},
  note          = {{ISBN} 3-900051-07-0},
  url		= {http://www.R-project.org/}
}

