%------------------------------------------------------------------------------%
% articles                                                                     %
%------------------------------------------------------------------------------%

@article{akaike:ieee_t_automat_contr:74,
  author  = "Akaike, H.",
  journal = "Automatic Control, IEEE Transactions on",
  title   = "A new look at the statistical model identification",
  volume  = "19",
  number  = "6",
  pages   = "716--723",
  year    = "1974"
}


@article{calcagno:j_stat_softw:10,
  author  = "Vincent Calcagno and Claire de Mazancourt",
  title   = "\pkg{glmulti}: An \proglang{R} package for easy automated
             model selection with (generalized) linear models",
  journal = "Journal of Statistical Software",
  volume  = "34",
  number  = "12",
  pages   = "1--29",
  year    = "2010",
  doi     = "10.18637/jss.v034.i12"
}


@article{duarte_silva:j_multivariate_anal:01,
  author  = "Antonio Pedro {Duarte Silva}",
  title   = "Efficient variable screening for multivariate analysis",
  journal = "Journal of Multivariate Analysis",
  volume  = "76",
  pages   = "35--62",
  year    = "2001",
  doi     = "10.1006/jmva.2000.19202"
}


@article{friedman:j_stat_softw:10,
  title   = "Regularization paths for generalized linear models via coordinate descent",
  author  = "Jerome Friedman and Trevor Hastie and Robert Tibshirani",
  journal = "Journal of Statistical Software",
  volume  = "33",
  number  = "1",
  pages   = "1--22",
  year    = "2010",
  doi     = "10.18637/jss.v033.i01"
}


@article{gatu:j_comput_graph_stat:06,
  author  = "C. Gatu and E. J. Kontoghiorghes",
  title   = "Branch-and-bound algorithms for computing the best subset
             regression models",
  journal = "Journal of Computational and Graphical Statistics",
  volume  = "15",
  pages   = "139--156",
  year    = "2006",
  doi     = "10.1198/106186006x100290"
}


@article{hofmann:comput_stat_data_an:07,
  author  = "M. Hofmann and C. Gatu and E. J. Kontoghiorghes",
  title   = "Efficient algorithms for computing the
             best subset regression models for
             large-scale problems",
  journal = "Computational Statistics and Data Analysis",
  volume  = "52",
  pages   = "16--29",
  year    = "2007",
  doi     = "10.1016/j.csda.2007.03.017"
}


@article{schwarz:ann_stat:78,
  author  = "G. Schwarz",
  title   = "Estimating the dimension of a model",
  journal = "The Annals of Statistics",
  volume  = "6",
  number  = "2",
  pages   = "461--464",
  year    = "1978"
}


@article{wolters:j_stat_softw:15,
  title   = "A genetic algorithm for selection of fixed-size subsets
             with application to design problems",
  author  = "Mark A. Wolters",
  journal = "Journal of Statistical Software, Code Snippets",
  volume  = "68",
  number  = "1",
  pages   = "1--18",
  year    = "2015",
  doi     = "10.18637/jss.v068.c01"
}


%------------------------------------------------------------------------------%
% books                                                                        %
%------------------------------------------------------------------------------%

@book{hastie:01,
  author    = "T. J. Hastie and R. J. Tibshirani and J. Friedman",
  year      = "2001",
  title     = "The elements of statistical learning.  Data mining,
               inference, and prediction.",
  series    = "Springer series in statistics",
  publisher = "Springer-Verlag",
  address   = "New York"
}


@book{miller:02,
  author    = "A. J. Miller",
  year      = "2002",
  title     = "Subset selection in regression",
  edition   = "2nd",
  series    = "Monographs on statistics and applied probability",
  volume    = "95",
  publisher = "Chapman and Hall"
}


%------------------------------------------------------------------------------%
% manuals                                                                      %
%------------------------------------------------------------------------------%

@manual{R:15,
  title        = "\proglang{R}: {A} language and environment for statistical computing",
  author       = "\proglang{R} Core Team",
  organization = "\proglang{R} Foundation for Statistical Computing",
  address      = "Vienna, Austria",
  year         = "2016",
  url          = "https://www.R-project.org/"
}


@manual{bestglm:14,
  title  = "\pkg{bestglm}: Best subset {GLM}",
  author = "A. I. McLeod and Changjiang Xu",
  year   = "2014",
  note   = "\proglang{R}~package version~0.34",
  url    = "https://CRAN.R-project.org/package=bestglm"
}


@manual{leaps:09,
  title  = "\pkg{leaps}: Regression subset selection",
  author = "Thomas Lumley and Alan Miller",
  year   = "2009",
  note   = "\proglang{R}~package version~2.9",
  url    = "https://CRAN.R-project.org/package=leaps"
}


@manual{lmSubsets:16,
  title  = "\pkg{lmSubsets}: Variable subset selection in linear regressions",
  author = "Marc Hofmann and Cristian Gatu and
            Erricos J. Kontoghiorghes and Achim Zeileis",
  year   = "2016",
  note   = "\proglang{R}~package version~0.1-0",
  url    = "https://CRAN.R-project.org/package=lmSubsets"
}


@manual{subselect:15,
  title  = "\pkg{subselect}: Selecting variable subsets",
  author = "Jorge {Orestes Cerdeira} and Antonio Pedro {Duarte Silva} and
            Jorge Cadima and Manuel Minhoto",
  year   = "2015",
  note   = "\proglang{R}~package version~0.12-5",
  url    = "https://CRAN.R-project.org/package=subselect"
}


%------------------------------------------------------------------------------%
% archive                                                                      %
%------------------------------------------------------------------------------%

@Article{Akaike:1973,
  author = {H. Akaike},
  title = {Maximum Likelihood Identification of {G}aussian Autoregressive Moving Average Models},
  journal = {Biometrika},
  volume = {60},
  pages = {243--247},
  year = {1973},
  doi = {10.2307/2334537},
}

@Article{Buehlmann+Hothorn:2007,
  title = {Boosting Algorithms: Regularization, Prediction and Model Fitting},
  author = {Peter Buehlmann and Torsten Hothorn},
  journal = {Statistical Science},
  year = {2007},
  volume = {22},
  number = {4},
  pages = {477--505},
  doi = {10.1214/07-sts242}
}

@Article{Calcagno+DeMazancourt:2010,
  author = {Vincent Calcagno and Claire de Mazancourt},
  title = {\pkg{glmulti}: An \proglang{R} Package for Easy Automated Model Selection with (Generalized) Linear Models},
  journal = {Journal of Statistical Software},
  year = {2010},
  volume = {34},
  number = {12},
  pages = {1--29},
  doi = {10.18637/jss.v034.i12},
}

@Article{DuarteSilva:2001,
  title = {Efficient Variable Screening for Multivariate Analysis},
  author = {Antonio Pedro {Duarte Silva}},
  year = {2001},
  journal = {Journal of Multivariate Analysis},
  volume = {76},
  pages = {35--62},
  doi = {10.1006/jmva.2000.1920},
}

@Article{Friedman+Hastie+Tibshirani:2010,
  title = {Regularization Paths for Generalized Linear Models via Coordinate Descent},
  author = {Jerome Friedman and Trevor Hastie and Robert Tibshirani},
  journal = {Journal of Statistical Software},
  year = {2010},
  volume = {33},
  number = {1},
  pages = {1--22},
  doi = {10.18637/jss.v033.i01},
}

@Article{Gatu+Kontoghiorghes:2006,
  author = {C. Gatu and E. J. Kontoghiorghes},
  title = {Branch-and-Bound Algorithms for Computing the Best Subset Regression Models},
  journal = {Journal of Computational and Graphical Statistics},
  volume = {15},
  pages = {139--156},
  year = {2006},
  doi = {10.1198/106186006x100290},
}

@Article{Hofmann+Gatu+Kontoghiorghes:2007,
  author = {M. Hofmann and C. Gatu and E. J. Kontoghiorghes},
  title = {Efficient Algorithms for Computing the Best Subset Regression Models for Large-Scale Problems},
  journal = {Computational Statistics \& Data Analysis},
  volume = {52},
  pages = {16--29},
  year = {2007},
  doi = {10.1016/j.csda.2007.03.017},
}

@Article{Hothorn+Buehlmann+Kneib:2010,
  title = {Model-Based Boosting 2.0},
  author = {Torsten Hothorn and Peter Buehlmann and Thomas Kneib and Matthias Schmid and Benjamin Hofner},
  journal = {Journal of Machine Learning Research},
  year = {2010},
  volume = {11},
  pages = {2109--2113},
  url = {http://www.jmlr.org/papers/v11/hothorn10a.html}
}

@Article{Mallows:1973,
  author = {C. L. Mallows},
  title = {Some Comments on $C_\text{p}$},
  journal = {Technometrics},
  volume = {15},
  pages = {661--675},
  year = {1973},
  doi = {10.1080/00401706.1973.10489103},
}

@Book{Miller:2002,
  title = {Subset Selection in Regression},
  author = {Alan Miller},
  year = {2002},
  edition = {2nd},
  publisher = {Chapman \& Hall/CRC},
  address = {Boca Raton},
}

@Article{Wolters:2015,
  title = {A Genetic Algorithm for Selection of Fixed-Size Subsets with Application to Design Problems},
  author = {Mark A. Wolters},
  journal = {Journal of Statistical Software, Code Snippets},
  year = {2015},
  volume = {68},
  number = {1},
  pages = {1--18},
  doi = {10.18637/jss.v068.c01},
}


@Manual{R,
  title = {\proglang{R}: {A} Language and Environment for Statistical Computing},
  author = {{\proglang{R} Core Team}},
  organization = {\proglang{R} Foundation for Statistical Computing},
  address = {Vienna, Austria},
  year = {2016},
  url = {https://www.R-project.org/},
}

@Manual{bestglm,
  title = {\pkg{bestglm}: Best Subset {GLM}},
  author = {A. I. McLeod and Changjiang Xu},
  year = {2014},
  note = {\proglang{R}~package version~0.34},
  url = {https://CRAN.R-project.org/package=bestglm},
}

@Manual{leaps,
  title = {\pkg{leaps}: Regression Subset Selection},
  author = {Thomas Lumley and Alan Miller},
  year = {2009},
  note = {\proglang{R}~package version~2.9},
  url = {https://CRAN.R-project.org/package=leaps},
}

@Manual{lmSubsets,
  title = {\pkg{lmSubsets}: Variable Subset Selection in Linear Regressions},
  author = {Marc Hofmann and Cristian Gatu and Erricos J. Kontoghiorghes and Achim Zeileis},
  year = {2016},
  note = {\proglang{R}~package version~0.1-0},
  url = {https://CRAN.R-project.org/package=lmSubsets},
}

@Manual{subselect,
  title = {\pkg{subselect}: Selecting Variable Subsets},
  author = {Jorge {Orestes Cerdeira} and Antonio Pedro {Duarte Silva} and Jorge Cadima and Manuel Minhoto},
  year = {2015},
  note = {\proglang{R}~package version~0.12-5},
  url = {https://CRAN.R-project.org/package=subselect},
}

